[gd_scene load_steps=32 format=3 uid="uid://bg42uta88qno7"]

[ext_resource type="PackedScene" uid="uid://8lxnfktnere7" path="res://plaza/window.tscn" id="1_hjsgb"]

[sub_resource type="StandardMaterial3D" id="StandardMaterial3D_yjscx"]
albedo_color = Color(0.411765, 0.411765, 0.411765, 1)

[sub_resource type="StandardMaterial3D" id="StandardMaterial3D_x2r5r"]
shading_mode = 0
albedo_color = Color(0.854902, 0.647059, 0.12549, 1)

[sub_resource type="StandardMaterial3D" id="StandardMaterial3D_yk3hp"]
albedo_color = Color(0.411765, 0.411765, 0.411765, 1)

[sub_resource type="StandardMaterial3D" id="StandardMaterial3D_n7h5t"]
shading_mode = 0
albedo_color = Color(0.854902, 0.647059, 0.12549, 1)

[sub_resource type="StandardMaterial3D" id="StandardMaterial3D_m7724"]
shading_mode = 0
albedo_color = Color(0.854902, 0.647059, 0.12549, 1)

[sub_resource type="StandardMaterial3D" id="StandardMaterial3D_b2hqb"]
shading_mode = 0
albedo_color = Color(0.854902, 0.647059, 0.12549, 1)

[sub_resource type="StandardMaterial3D" id="StandardMaterial3D_qv84c"]
albedo_color = Color(0.411765, 0.411765, 0.411765, 1)

[sub_resource type="StandardMaterial3D" id="StandardMaterial3D_rvl1a"]
albedo_color = Color(0.411765, 0.411765, 0.411765, 1)

[sub_resource type="StandardMaterial3D" id="StandardMaterial3D_w3ywb"]
albedo_color = Color(0.411765, 0.411765, 0.411765, 1)

[sub_resource type="StandardMaterial3D" id="StandardMaterial3D_vc848"]
shading_mode = 0
albedo_color = Color(0.854902, 0.647059, 0.12549, 1)

[sub_resource type="StandardMaterial3D" id="StandardMaterial3D_b8j2f"]
shading_mode = 0
albedo_color = Color(0.854902, 0.647059, 0.12549, 1)

[sub_resource type="StandardMaterial3D" id="StandardMaterial3D_l4i6l"]
albedo_color = Color(0.411765, 0.411765, 0.411765, 1)

[sub_resource type="StandardMaterial3D" id="StandardMaterial3D_j5h2m"]
albedo_color = Color(0.411765, 0.411765, 0.411765, 1)

[sub_resource type="StandardMaterial3D" id="StandardMaterial3D_g116q"]
albedo_color = Color(0.411765, 0.411765, 0.411765, 1)

[sub_resource type="StandardMaterial3D" id="StandardMaterial3D_bfhfh"]
shading_mode = 0
albedo_color = Color(0.854902, 0.647059, 0.12549, 1)

[sub_resource type="StandardMaterial3D" id="StandardMaterial3D_a7dqs"]
shading_mode = 0
albedo_color = Color(0.854902, 0.647059, 0.12549, 1)

[sub_resource type="StandardMaterial3D" id="StandardMaterial3D_vjx3m"]
shading_mode = 0
albedo_color = Color(0.854902, 0.647059, 0.12549, 1)

[sub_resource type="StandardMaterial3D" id="StandardMaterial3D_1ns2v"]
albedo_color = Color(0.411765, 0.411765, 0.411765, 1)

[sub_resource type="StandardMaterial3D" id="StandardMaterial3D_xee0r"]
albedo_color = Color(0.411765, 0.411765, 0.411765, 1)

[sub_resource type="StandardMaterial3D" id="StandardMaterial3D_h1v38"]
albedo_color = Color(0.411765, 0.411765, 0.411765, 1)

[sub_resource type="StandardMaterial3D" id="StandardMaterial3D_6fdeu"]
albedo_color = Color(0.411765, 0.411765, 0.411765, 1)

[sub_resource type="StandardMaterial3D" id="StandardMaterial3D_dt8sd"]
shading_mode = 0
albedo_color = Color(0.854902, 0.647059, 0.12549, 1)

[sub_resource type="StandardMaterial3D" id="StandardMaterial3D_nua60"]
albedo_color = Color(0.411765, 0.411765, 0.411765, 1)

[sub_resource type="StandardMaterial3D" id="StandardMaterial3D_dnx0t"]
shading_mode = 0
albedo_color = Color(0.854902, 0.647059, 0.12549, 1)

[sub_resource type="StandardMaterial3D" id="StandardMaterial3D_ytmm4"]
albedo_color = Color(0.411765, 0.411765, 0.411765, 1)

[sub_resource type="StandardMaterial3D" id="StandardMaterial3D_dpl5n"]
albedo_color = Color(0.411765, 0.411765, 0.411765, 1)

[sub_resource type="StandardMaterial3D" id="StandardMaterial3D_7liwc"]
shading_mode = 0
albedo_color = Color(0.854902, 0.647059, 0.12549, 1)

[sub_resource type="StandardMaterial3D" id="StandardMaterial3D_p3yre"]
shading_mode = 0
albedo_color = Color(0.854902, 0.647059, 0.12549, 1)

[sub_resource type="StandardMaterial3D" id="StandardMaterial3D_428lh"]
shading_mode = 0
albedo_color = Color(0.854902, 0.647059, 0.12549, 1)

[sub_resource type="StandardMaterial3D" id="StandardMaterial3D_38etr"]
shading_mode = 0
albedo_color = Color(0.854902, 0.647059, 0.12549, 1)

[node name="Windows" type="Node3D"]

[node name="WL" parent="." instance=ExtResource("1_hjsgb")]
transform = Transform3D(1, 0, 0, 0, 1, 0, 0, 0, 1, -0.6, 0, 0)
material = SubResource("StandardMaterial3D_yjscx")

[node name="WR" parent="." instance=ExtResource("1_hjsgb")]
transform = Transform3D(1, 0, 0, 0, 1, 0, 0, 0, 1, 0.6, 0, 0)
material = SubResource("StandardMaterial3D_x2r5r")

[node name="WL2" parent="." instance=ExtResource("1_hjsgb")]
transform = Transform3D(1, 0, 0, 0, 1, 0, 0, 0, 1, -0.6, 3, 0)
material = SubResource("StandardMaterial3D_yk3hp")

[node name="WR2" parent="." instance=ExtResource("1_hjsgb")]
transform = Transform3D(1, 0, 0, 0, 1, 0, 0, 0, 1, 0.6, 3, 0)
material = SubResource("StandardMaterial3D_n7h5t")

[node name="WL3" parent="." instance=ExtResource("1_hjsgb")]
transform = Transform3D(1, 0, 0, 0, 1, 0, 0, 0, 1, -0.6, 6, 0)
material = SubResource("StandardMaterial3D_m7724")

[node name="WR3" parent="." instance=ExtResource("1_hjsgb")]
transform = Transform3D(1, 0, 0, 0, 1, 0, 0, 0, 1, 0.6, 6, 0)
material = SubResource("StandardMaterial3D_b2hqb")

[node name="WL4" parent="." instance=ExtResource("1_hjsgb")]
transform = Transform3D(1, 0, 0, 0, 1, 0, 0, 0, 1, -0.6, 9, 0)
material = SubResource("StandardMaterial3D_qv84c")

[node name="WR4" parent="." instance=ExtResource("1_hjsgb")]
transform = Transform3D(1, 0, 0, 0, 1, 0, 0, 0, 1, 0.6, 9, 0)
material = SubResource("StandardMaterial3D_rvl1a")

[node name="WL5" parent="." instance=ExtResource("1_hjsgb")]
transform = Transform3D(1, 0, 0, 0, 1, 0, 0, 0, 1, -0.6, 12, 0)
material = SubResource("StandardMaterial3D_w3ywb")

[node name="WR5" parent="." instance=ExtResource("1_hjsgb")]
transform = Transform3D(1, 0, 0, 0, 1, 0, 0, 0, 1, 0.6, 12, 0)
material = SubResource("StandardMaterial3D_vc848")

[node name="WL6" parent="." instance=ExtResource("1_hjsgb")]
transform = Transform3D(1, 0, 0, 0, 1, 0, 0, 0, 1, -0.6, 15, 0)
material = SubResource("StandardMaterial3D_b8j2f")

[node name="WR6" parent="." instance=ExtResource("1_hjsgb")]
transform = Transform3D(1, 0, 0, 0, 1, 0, 0, 0, 1, 0.6, 15, 0)
material = SubResource("StandardMaterial3D_l4i6l")

[node name="WL7" parent="." instance=ExtResource("1_hjsgb")]
transform = Transform3D(1, 0, 0, 0, 1, 0, 0, 0, 1, -0.6, 18, 0)
material = SubResource("StandardMaterial3D_j5h2m")

[node name="WR7" parent="." instance=ExtResource("1_hjsgb")]
transform = Transform3D(1, 0, 0, 0, 1, 0, 0, 0, 1, 0.6, 18, 0)
material = SubResource("StandardMaterial3D_g116q")

[node name="WL8" parent="." instance=ExtResource("1_hjsgb")]
transform = Transform3D(1, 0, 0, 0, 1, 0, 0, 0, 1, -0.6, 21, 0)
material = SubResource("StandardMaterial3D_bfhfh")

[node name="WR8" parent="." instance=ExtResource("1_hjsgb")]
transform = Transform3D(1, 0, 0, 0, 1, 0, 0, 0, 1, 0.6, 21, 0)
material = SubResource("StandardMaterial3D_a7dqs")

[node name="WL9" parent="." instance=ExtResource("1_hjsgb")]
transform = Transform3D(1, 0, 0, 0, 1, 0, 0, 0, 1, -0.6, 24, 0)
material = SubResource("StandardMaterial3D_vjx3m")

[node name="WR9" parent="." instance=ExtResource("1_hjsgb")]
transform = Transform3D(1, 0, 0, 0, 1, 0, 0, 0, 1, 0.6, 24, 0)
material = SubResource("StandardMaterial3D_1ns2v")

[node name="WL10" parent="." instance=ExtResource("1_hjsgb")]
transform = Transform3D(1, 0, 0, 0, 1, 0, 0, 0, 1, -0.6, 27, 0)
material = SubResource("StandardMaterial3D_xee0r")

[node name="WR10" parent="." instance=ExtResource("1_hjsgb")]
transform = Transform3D(1, 0, 0, 0, 1, 0, 0, 0, 1, 0.6, 27, 0)
material = SubResource("StandardMaterial3D_h1v38")

[node name="WL11" parent="." instance=ExtResource("1_hjsgb")]
transform = Transform3D(1, 0, 0, 0, 1, 0, 0, 0, 1, -0.6, 30, 0)
material = SubResource("StandardMaterial3D_6fdeu")

[node name="WR11" parent="." instance=ExtResource("1_hjsgb")]
transform = Transform3D(1, 0, 0, 0, 1, 0, 0, 0, 1, 0.6, 30, 0)
material = SubResource("StandardMaterial3D_dt8sd")

[node name="WL12" parent="." instance=ExtResource("1_hjsgb")]
transform = Transform3D(1, 0, 0, 0, 1, 0, 0, 0, 1, -0.6, 33, 0)
material = SubResource("StandardMaterial3D_nua60")

[node name="WR12" parent="." instance=ExtResource("1_hjsgb")]
transform = Transform3D(1, 0, 0, 0, 1, 0, 0, 0, 1, 0.6, 33, 0)
material = SubResource("StandardMaterial3D_dnx0t")

[node name="WL13" parent="." instance=ExtResource("1_hjsgb")]
transform = Transform3D(1, 0, 0, 0, 1, 0, 0, 0, 1, -0.6, 36, 0)
material = SubResource("StandardMaterial3D_ytmm4")

[node name="WR13" parent="." instance=ExtResource("1_hjsgb")]
transform = Transform3D(1, 0, 0, 0, 1, 0, 0, 0, 1, 0.6, 36, 0)
material = SubResource("StandardMaterial3D_dpl5n")

[node name="WL14" parent="." instance=ExtResource("1_hjsgb")]
transform = Transform3D(1, 0, 0, 0, 1, 0, 0, 0, 1, -0.6, 39, 0)
material = SubResource("StandardMaterial3D_7liwc")

[node name="WR14" parent="." instance=ExtResource("1_hjsgb")]
transform = Transform3D(1, 0, 0, 0, 1, 0, 0, 0, 1, 0.6, 39, 0)
material = SubResource("StandardMaterial3D_p3yre")

[node name="WL15" parent="." instance=ExtResource("1_hjsgb")]
transform = Transform3D(1, 0, 0, 0, 1, 0, 0, 0, 1, -0.6, 42, 0)
material = SubResource("StandardMaterial3D_428lh")

[node name="WR15" parent="." instance=ExtResource("1_hjsgb")]
transform = Transform3D(1, 0, 0, 0, 1, 0, 0, 0, 1, 0.6, 42, 0)
material = SubResource("StandardMaterial3D_38etr")
